<?xml version = "1.0" encoding = "UTF-8"?><record>
  <leader>01023nam#a2200277#cc4500</leader>
  <controlfield tag="005">20210409013108.0</controlfield>
  <controlfield tag="007">tu</controlfield>
  <controlfield tag="008">090528|1978####gw############|||#|#ger#c</controlfield>
  <controlfield tag="003">DE-605</controlfield>
  <controlfield tag="001">990174913320206441</controlfield>
  <datafield tag="035" ind1=" " ind2=" ">
    <subfield code="a">(DE-605)TT002881480</subfield>
  </datafield>
  <datafield tag="040" ind1=" " ind2=" ">
    <subfield code="a">1042</subfield>
    <subfield code="b">ger</subfield>
    <subfield code="c">1042</subfield>
    <subfield code="e">rakwb</subfield>
  </datafield>
  <datafield tag="041" ind1=" " ind2=" ">
    <subfield code="a">ger</subfield>
  </datafield>
  <datafield tag="044" ind1=" " ind2=" ">
    <subfield code="c">XA-DE</subfield>
  </datafield>
  <datafield tag="245" ind1="0" ind2="0">
    <subfield code="a">Zeitschrift f&#252;r &#246;ffentliche und gemeinwirtschaftliche Unternehmen</subfield>
    <subfield code="b">Z&#246;gU ; zugleich Organ des Bundesverbandes &#214;ffentliche Dienstleistungen - Deutsche Sektion des CEEP</subfield>
    <subfield code="n">28(2005) Heft 2</subfield>
  </datafield>
  <datafield tag="264" ind1="3" ind2="1">
    <subfield code="a">Baden-Baden</subfield>
    <subfield code="b">Nomos-Verl.-Ges.</subfield>
    <subfield code="c">1978-[2020]</subfield>
    <subfield code="3">1978-[2020]</subfield>
  </datafield>
  <datafield tag="300" ind1=" " ind2=" ">
    <subfield code="a">S. 93-210</subfield>
  </datafield>
  <datafield tag="336" ind1=" " ind2=" ">
    <subfield code="b">txt</subfield>
  </datafield>
  <datafield tag="337" ind1=" " ind2=" ">
    <subfield code="b">n</subfield>
  </datafield>
  <datafield tag="338" ind1=" " ind2=" ">
    <subfield code="b">nc</subfield>
  </datafield>
  <datafield tag="700" ind1="1" ind2=" ">
    <subfield code="a">Eichhorn, Peter</subfield>
    <subfield code="d">1939-</subfield>
    <subfield code="0">(DE-588)120283905</subfield>
    <subfield code="4">ctb</subfield>
    <subfield code="9">O:H</subfield>
    <subfield code="0">(uri) https://portal.dnb.de/opac.htm?method=simpleSearch&amp;cqlMode=true&amp;query=idn=120283905</subfield>
    <subfield code="0">(uri) http://viaf.org/viaf/sourceID/DNB|120283905</subfield>
    <subfield code="B">GND-120283905</subfield>
  </datafield>
  <datafield tag="700" ind1="1" ind2=" ">
    <subfield code="a">Loesch, Achim &lt;&lt;von&gt;&gt;</subfield>
    <subfield code="d">1923-</subfield>
    <subfield code="0">(DE-588)123090989</subfield>
    <subfield code="4">ctb</subfield>
    <subfield code="9">O:H</subfield>
    <subfield code="B">GND-123090989</subfield>
  </datafield>
  <datafield tag="710" ind1="2" ind2=" ">
    <subfield code="a">Gesellschaft f&#252;r &#214;ffentliche Wirtschaft</subfield>
    <subfield code="0">(DE-588)39836-6</subfield>
    <subfield code="4">isb</subfield>
    <subfield code="9">O:H</subfield>
    <subfield code="0">(uri) https://portal.dnb.de/opac.htm?method=simpleSearch&amp;cqlMode=true&amp;query=idn=000398365</subfield>
    <subfield code="0">(uri) http://viaf.org/viaf/sourceID/DNB|000398365</subfield>
    <subfield code="B">GND-000398365</subfield>
  </datafield>
  <datafield tag="773" ind1="0" ind2="8">
    <subfield code="w">(DE-605)HT002213138</subfield>
    <subfield code="q">28(2005) Heft 2</subfield>
  </datafield>
  <datafield tag="964" ind1="0" ind2="s">
    <subfield code="F">030</subfield>
    <subfield code="A">a|1uc||||||||</subfield>
  </datafield>
  <datafield tag="964" ind1="0" ind2="s">
    <subfield code="F">050</subfield>
    <subfield code="A">a|||||||||||||</subfield>
  </datafield>
  <datafield tag="MBD" ind1=" " ind2=" ">
    <subfield code="M">49HBZ_NETWORK</subfield>
    <subfield code="i">990174913320206441</subfield>
    <subfield code="n">HBZ Network</subfield>
  </datafield>
  <datafield tag="MNG" ind1=" " ind2=" ">
    <subfield code="c">System</subfield>
    <subfield code="f">ILS</subfield>
    <subfield code="i">marc21</subfield>
    <subfield code="k">01</subfield>
    <subfield code="e">false</subfield>
    <subfield code="d">2021-04-09 01:31:08 Europe/Berlin</subfield>
    <subfield code="g">017491332-HBZ01</subfield>
    <subfield code="j">60</subfield>
    <subfield code="a">import</subfield>
    <subfield code="b">2021-04-06 02:33:15 Europe/Berlin</subfield>
  </datafield>
  <datafield tag="GKT" ind1="2" ind2=" ">
    <subfield code="a">GO&#776;W</subfield>
    <subfield code="4">abku</subfield>
    <subfield code="4">http://d-nb.info/standards/elementset/gnd#abbreviatedNameForTheCorporateBody</subfield>
    <subfield code="w">r</subfield>
    <subfield code="i">Abkuerzung</subfield>
    <subfield code="e">Abkuerzung</subfield>
    <subfield code="A">GND</subfield>
    <subfield code="B">GND-000398365</subfield>
    <subfield code="C">410</subfield>
  </datafield>
  <datafield tag="GSI" ind1="7" ind2=" ">
    <subfield code="a">http://d-nb.info/gnd/39836-6</subfield>
    <subfield code="2">uri</subfield>
    <subfield code="A">GND</subfield>
    <subfield code="B">GND-000398365</subfield>
    <subfield code="C">024</subfield>
  </datafield>
  <datafield tag="GSI" ind1="7" ind2=" ">
    <subfield code="a">http://d-nb.info/gnd/123090989</subfield>
    <subfield code="2">uri</subfield>
    <subfield code="A">GND</subfield>
    <subfield code="B">GND-123090989</subfield>
    <subfield code="C">024</subfield>
  </datafield>
  <datafield tag="GPN" ind1="1" ind2=" ">
    <subfield code="a">Anders, Peter E.</subfield>
    <subfield code="d">1939-</subfield>
    <subfield code="4">pseu</subfield>
    <subfield code="4">https://d-nb.info/standards/elementset/gnd#pseudonym</subfield>
    <subfield code="w">r</subfield>
    <subfield code="i">Pseudonym</subfield>
    <subfield code="e">Pseudonym</subfield>
    <subfield code="A">GND</subfield>
    <subfield code="B">GND-120283905</subfield>
    <subfield code="C">400</subfield>
  </datafield>
  <datafield tag="GSI" ind1="7" ind2=" ">
    <subfield code="a">120283905</subfield>
    <subfield code="0">http://d-nb.info/gnd/120283905</subfield>
    <subfield code="2">gnd</subfield>
    <subfield code="A">GND</subfield>
    <subfield code="B">GND-120283905</subfield>
    <subfield code="C">024</subfield>
  </datafield>
</record>